<?xml version="1.0" encoding="UTF-8"?><collection xmlns="http://www.loc.gov/MARC21/slim"><record><leader>00382nam--2200145-i-4500</leader><controlfield tag="001">000001260</controlfield><controlfield tag="002">20161230</controlfield><controlfield tag="005">20170107161237</controlfield><controlfield tag="008">060222s1000------------r-----000-0-eng-d</controlfield><datafield ind1=" " ind2=" " tag="100"><subfield code="a">Gomb©Łs, P©Łl</subfield></datafield><datafield ind1=" " ind2=" " tag="245"><subfield code="a">Die statistische theorie des atoms und ihre anwendungen</subfield></datafield><datafield ind1=" " ind2=" " tag="260"><subfield code="a">Wien</subfield><subfield code="b">Springer Verlag</subfield><subfield code="c">1949</subfield></datafield><datafield ind1=" " ind2=" " tag="300"><subfield code="a">VIII + 406 p</subfield></datafield><datafield ind1=" " ind2=" " tag="852"><subfield code="a">747</subfield></datafield><datafield ind1=" " ind2=" " tag="CAT"><subfield code="a">SYS</subfield><subfield code="c">20170107</subfield><subfield code="h">161237</subfield></datafield></record></collection>